@techreport{w3c_sparql_working_group_sparql_2013,
	title        = {{SPARQL} 1.1 {Overview}},
	author       = {{W3C SPARQL Working Group}},
	year         = 2013,
	url          = {http://www.w3.org/TR/sparql11-overview/},
	type         = {{W3C} {Recommendation}},
	institution  = {World Wide Web Consortium}
}
@article{ogcgeosparql11,
	title={{OGC GeoSPARQL - A geographic query language for RDF data: 1.1}}, 
	author={Perry, Matthew and Herring, John and Car, Nicholas J. and Homburg, Timo and J.D. Cox, Simon},
	journal={OGC implementation standard draft}, 
	url={https://opengeospatial.github.io/ogc-geosparql/},
	year=2012
}
@techreport{gregory_todd_williams_sparql_2013,
	title        = {{SPARQL} 1.1 {Service} {Description}},
	author       = {{Gregory Todd Williams}},
	year         = 2013,
	month        = mar,
	url          = {http://www.w3.org/TR/sparql11-service-description/},
	type         = {{W3C} {Recommendation}},
	institution  = {World Wide Web Consortium}
}
@techreport{ogcapifeaturespart3,
	title        = {{OGC} {API} - {Features} - {Part} 3: {Filtering} and the {Common} {Query} {Language} {(CQL)}},
	author       = {Vretanos, Panagiotis A. and Portele, Clemens},
	year         = 2021,
	type      	 = {Open Geospatial Consortium Standard Draft},
	institution  = {Open Geospatial Consortium},
	url 		 = {https://portal.ogc.org/files/96288}
}
@techreport{kifer2013rif,
	title        = {{RIF} {Overview} {(Second Edition)}},
	author       = {Kifer, Michael and Boley, Harold},
	year         = 2013,
	month        = oct,	
	type      	 = {{W3C} Working Group Note},
	institution  = {World Wide Web Consortium},
	url 		 = {https://www.w3.org/TR/rif-overview/}
}
@techreport{miles_skos_2009,
	title        = {{SKOS} {Simple} {Knowledge} {Organization} {System} {Reference}},
	author       = {Miles, Alistair and Bechhofer, Sean},
	year         = 2009,
	url          = {https://www.w3.org/TR/skos-reference/},
	type         = {{W3C} {Recommendation}},
}
@techreport{gonzalez-beltran_data_2018,
	title        = {Data {Catalog} {Vocabulary} ({DCAT}) - revised edition},
	shorttitle   = {{DCAT} v2},
	author       = {Gonzalez-Beltran, Alejandra and Browning, Dave and Cox, Simon and Winstanley, Peter},
	year         = 2018,
	month        = nov,
	url          = {https://www.w3.org/TR/vocab-dcat-2/},
	urldate      = {2018-11-25},
	type         = {{W3C} {Recommendation}},
	institution  = {World Wide Web Consortium}
}
@techreport{knublauch_shapes_2017,
	title        = {Shapes {Constraint} {Language} ({SHACL})},
	author       = {Knublauch, Holger and Kontokostas, Dimitris},
	year         = 2017,
	url          = {https://www.w3.org/TR/shacl/},
	type         = {{W3C} {Recommendation}},
	institution  = {{W3C}}
}
@techreport{open2012ogc,
	title        = {{OGC GeoSPARQL - A Geographic Query Language for RDF Data}},
	author       = {Perry, Matthew and Herring, John},
	year         = 2012,
	publisher    = {Open Geospatial Consortium},
	institution    = {Open Geospatial Consortium},
	url          = {http://www.opengis.net/doc/IS/geosparql/1.0},
	type         = {{OGC Implementation Standard}}
}
@techreport{abhayaratna2020ogc,
	title        = {{OGC} {GeoSPARQL} 2.0 {SWG} {Charter}},
	author       = {Abhayaratna, Joseph and van den Brink, Linda and Car, Nicholas and Homburg, Timo and Knibbe, Frans},
	year         = 2020,
	month        = aug,
	publisher    = {Open Geospatial Consortium},
	institution    = {Open Geospatial Consortium},
	url          = {https://portal.ogc.org/files/93345},
	type         = {OGC SWG Charter},
	language     = {english}
}
@article{van_den_brink_best_2018,
	title 		 = {Best practices for publishing, retrieving, and using spatial data on the web},
	volume 		 = {10},
	issn 		 = {22104968, 15700844},
	doi 		 = {10.3233/SW-180305},
	language 	 = {en},
	number 		 = {1},
	urldate 	 = {2021-03-11},
	journal 	 = {Semantic Web},
	author 		 = {van den Brink, Linda and Barnaghi, Payam and Tandy, Jeremy and Atemezing, Ghislain and Atkinson, Rob and Cochrane, Byron and Fathy, Yasmin and ... Troncy, Raphäel},
	editor 		 = {Hitzler, Pascal},
	month 		 = dec,
	year 		 = {2018},
	pages 		 = {95--114},
}
@article{butler2016geojson,
	title        = {The {GeoJSON} format},
	author       = {Butler, Howard and Daly, Martin and Doyle, Allan and Gillies, Sean and Hagen, Stefan and Schaub, Tim and others},
	year         = 2016,
	journal      = {Internet Engineering Task Force (IETF)}
}
@incollection{nolan2014keyhole,
	address = {New York, NY},
	title = {Keyhole {Markup} {Language}},
	isbn = {978-1-4614-7900-0},
	booktitle = {{XML} and {Web} {Technologies} for {Data} {Sciences} with {R}},
	publisher = {Springer New York},
	author = {Nolan, Deborah and Lang, Duncan Temple},
	year = {2014},
	doi = {10.1007/978-1-4614-7900-0\_17},
	pages = {581--618}
}
@inproceedings{homburg2020geosparql+,
  title={Geosparql+: Syntax, semantics and system for integrated querying of graph, raster and vector data},
  author={Homburg, Timo and Staab, Steffen and Janke, Daniel},
  booktitle={International Semantic Web Conference},
  pages={258--275},
  year={2020},
  organization={Springer}
}
@techreport{doerr2013crmgeo,
  title={CRMgeo: Linking the CIDOC CRM to GeoSPARQL through a spatiotemporal refinement},
  author={Doerr, Martin and Hiebel, Gerald and Eide, {\O}yvind},
  year={2013},
  institution={Citeseer}
}
@article{zhang2018bimsparql,
  title={BimSPARQL: Domain-specific functional SPARQL extensions for querying RDF building data},
  author={Zhang, Chi and Beetz, Jakob and de Vries, Bauke},
  journal={Semantic Web},
  volume={9},
  number={6},
  pages={829--855},
  year={2018},
  publisher={IOS Press}
}
@article{tran2020semantic,
  title={Semantic Integration of Raster Data for Earth Observation: An RDF Dataset of Territorial Unit Versions with their Land Cover},
  author={Tran, Ba-Huy and Aussenac-Gilles, Nathalie and Comparot, Catherine and Trojahn, Cassia},
  journal={ISPRS International Journal of Geo-Information},
  volume={9},
  number={9},
  pages={503},
  year={2020},
  publisher={Multidisciplinary Digital Publishing Institute}
}
@article{sahr1998discrete,
	title        = {Discrete {Global} {Grid} {Systems}},
	author       = {Sahr, Kevin and White, Denis},
	year         = 1998,
	journal      = {Computing Science and Statistics},
	publisher    = {Citeseer},
	pages        = {269--278}
}
@techreport{geosparqlwhitepaper,
	title        = {{OGC Benefits of Representing Spatial Data Using Semantic and Graph Technologies}},
	author       = {Abhayaratna, Joseph and van den Brink, Linda and Car, Nicholas and Atkinson, Rob and Homburg, Timo and Knibbe, Frans and ... and Thiery, Florian},
	year         = 2020,
	month        = oct,
	type         = {{OGC White Paper}},
	publisher    = {Open Geospatial Consortium},
	institution  = {Open Geospatial Consortium},
	url          = {http://docs.ogc.org/wp/19-078r1/19-078r1.html},
	language     = {english},
}
@techreport{atkinson_profiles_2020,
	title        = {The {Profiles} {Vocabulary}},
	author       = {Atkinson, Rob and Car, Nicholas J.},
	year         = 2020,
	month        = may,
	url          = {https://www.w3.org/TR/dx-prof/},
	type         = {{W3C} {Working} {Group} {Note}},
	institution  = {World Wide Web Consortium}
}
@techreport{simon_cox_time_2017,
	type 		= {{W3C} {Recommendation}},
	title 		= {Time {Ontology} in {OWL}},
	shorttitle 	= {{OWL}-{TIME}},
	url 		= {https://www.w3.org/TR/owl-time/},
	institution = {World Wide Web Consortium},
	author 		= {Cox, Simon and Little, Chris},
	month 		= oct,
	year 		= {2017}
}
@techreport{haller_semantic_2017,
	type 		= {{W3C} {Recommendation}},
	title 		= {Semantic {Sensor} {Network} {Ontology}},
	url 		= {https://www.w3.org/TR/vocab-ssn/},
	institution = {World Wide Web Consortium},
	author 		= {Haller, Armin and Janowicz, Krzysztof and Cox, Simon and Le Phuoc, Dan and Taylor, Kerry and Lefrançois, Maxime},
	month 		= oct,
	year 		= {2017}
}
